% Encoding: windows-1250

@misc{xrp.consensus.mechanism,
    author = "Dave Cohen and David Schwartz and Arthur Britto",
    secondarytitle = "Consensus Structure",
    title = "XRP Ledger",
    howpublished = "online",
    day = "17",
    month = "05",
    year = "2019",
    revised = "2023-12-05",
    cited = "2023-12-21",
    note = {\url{https://xrpl.org/docs/concepts/consensus-protocol/}},
    URL = "https://xrpl.org",
    path = "Docs;Concepts;Consensus protocol",
}

@article{PRNG.Jack,
    author = "Marcin M. Jacak and Piotr Jóźwiak and Jakub Niemczuk and Janusz E. Jacak",
    title = "Quantum generators of random numbers",
    journal = "Scientific Reports",
    publisher = "Springer Nature",
    year = "2021",
    month = 8,
    day = "09",
    volume = "11",
    number = "16108",
    issn = "2045-2322",
    howpublished = "online",
    cited = "2024-04-21",
    url = "https://www.nature.com/articles/s41598-021-95388-7",
    doi = "https://doi.org/10.1038/s41598-021-95388-7"
}

@InProceedings{pqc.review.10048976,
    author= "Ritik Bavdekar and Eashan Jayant Chopde and Ankit Agrawal and Ashutosh Bhatia and Kamlesh Tiwari",
    booktitle= "2023 International Conference on Information Networking (ICOIN)", 
    title= "Post Quantum Cryptography: A Review of Techniques, Challenges and Standardizations", 
    year= "2023",
    month = 2,
    pages= "146-151",
    address = "Bangkok, Thailand, 2023",
    doi= "10.1109/ICOIN56518.2023.10048976",
    isbn = "978-1-6654-6268-6",
    publisher = "IEEE Comput. Soc. Press",
    url = "https://ieeexplore.ieee.org/abstract/document/10048976",
    howpublished = "online",
    cited = "2024-04-21"
}

@InProceedings{grover.alg,
    author= "Lov K. Grover",
    booktitle= "Proceedings of the twenty-eighth annual ACM symposium on Theory of computing - STOC '96", 
    title= "A fast quantum mechanical algorithm for database search", 
    year= "1996",
    month = 7,
    volume={},
    number={},
    pages= "212–219",
    address = "Philadelphia, Pennsylvania, USA: Association for Computing Machinery",
    doi= "10.1145/237814.237866",
    isbn = "978-0-89791-785-8",
    eprint = "arXiv:quant-ph/9605043",
    url = "https://arxiv.org/abs/quant-ph/9605043",
    howpublished = "online",
    cited = "2024-04-21"
}

@InProceedings{shore.alg,
    author= "Peter Williston Shor",
    booktitle= "Proceedings 35th Annual Symposium on Foundations of Computer Science", 
    title= "Algorithms for quantum computation: Discrete logarithms and factoring", 
    year= "1994",
    month = 8,
    volume={},
    number={},
    pages= "124–134",
    address = "Santa Fe, NM, USA",
    doi= "10.1109/SFCS.1994.365700",
    isbn = "0-8186-6580-7",
    publisher = "IEEE Comput. Soc. Press",
    url = "https://ieeexplore.ieee.org/abstract/document/365700",
    howpublished = "online",
    cited = "2024-04-21"
}

@Comment{jabref-meta: databaseType:biblatex;}
