
    @Website{iota.web,
        author = "{IOTA Foundation}",
        title = "The complete reference for IOTA",
        year = "2021",
        howpublished = "online",
        cited =        "2024-05-04",
        url = "https://wiki.iota.org/",
    }

    @Website{cardano.web,
        author = "{IOHK}",
        title = "Documentation for the Cardano ecosystem",
        year = "2015",
        howpublished = "online",
        cited =        "2024-05-04",
        url = "https://docs.cardano.org/",
    }

    @Website{xrp.web,
        author = "{XRP Ledger}",
        title = "XRP Ledger Developer Resources",
        year = "2024",
        howpublished = "online",
        cited =        "2024-05-04",
        url = "https://xrpl.org/docs/",
    }

    @Webpage{article.quantum.threat,
        author =       "Anastasia Marchenkova",
        title =        "BTG",
        secondarytitle = "How Far Away Is The Quantum Threat?",
        howpublished = "online",
        year =         "2023",
        month = 8,
        day = "29",
        url =          "https://btq.com/blog/how-far-away-is-the-quantum-threat",
        cited =        "2024-05-04",
    }

    @Webpage{article.quantum.computing,
        author =       "Beth Stackpole",
        title =        "MIT Sloan School of Management",
        secondarytitle = "Quantum computing: What leaders need to know now",
        howpublished = "online",
        year =         "2024",
        month = 1,
        day = "11",
        url =          "https://mitsloan.mit.edu/ideas-made-to-matter/quantum-computing-what-leaders-need-to-know-now",
        cited =        "2024-05-04",
    }

    @article{bc.sec.homoliak,
        author       = "Ivan Homoliak and
                      Sarad Venugopalan and
                      Qingze Hum and
                      Pawel Szalachowski",
        title        = "A Security Reference Architecture for Blockchains",
        journal      = "CoRR",
        volume       = "abs/1904.06898",
        year         = "2019",
        month = 4,
        url          = "http://arxiv.org/abs/1904.06898",
        publisher    = "arXiv",
        address = "University of Technology and Design, Singapore",
        howpublished = "online",
        cited = "2024-05-04",
        doi = "https://doi.org/10.48550/arXiv.1904.06898",
    }

    @Website{bitcoin.com.project,
        author="{Blockchain.com, Inc.}",
        title="Blockchain.com",
        year="2011",
        howpublished = "online",
        cited = "2024-05-04",
        url="https://www.blockchain.com/",
    }

    @InProceedings{hash.fun.performance,
        author="Jéssica Ferreira and Antunes, Mário and Zhygulskyy, Mykyta and Frazão, Luís",
        booktitle="2019 14th Iberian Conference on Information Systems and Technologies (CISTI)", 
        title="Performance of Hash Functions in Blockchain Applied to IoT Devices", 
        address="Coimbra, Portugal",
        year="2019",
        month=6,
        pages="1-7",
        issn="2166-0727",
        doi="10.23919/CISTI.2019.8760885",
        howpublished = "online",
        cited = "2024-05-04",
        url="https://ieeexplore.ieee.org/document/8760885",
    }

    @InProceedings{analysis.of.RSA.ECC,
        author="Sonali Chandel and Wenxuan Cao and Zijing Sun and Jiayi Yang and Bailu Zhang and Tian-Yi Ni",
        editor="Kohei Arai and Rahul Bhatia",
        title="A Multi-dimensional Adversary Analysis of RSA and ECC in Blockchain Encryption",
        booktitle="Advances in Information and Communication",
        year="2020",
        month=2,
        volume="70",
        publisher="Springer International Publishing",
        address="Cham",
        pages="988--1003",
        isbn="978-3-030-12385-7",
        doi="https://doi.org/10.1007/9",
        howpublished = "online",
        cited = "2024-05-04",
        url="https://link.springer.com/chapter/10.1007/978-3-030-12385-7_67",
    }


    @article{BC.performance.eval,
        author="Caixiang Fan and Sara Ghaemi and Hamzeh Khazaei and Petr Musilek",
        journal="IEEE Access", 
        title="Performance Evaluation of Blockchain Systems: A Systematic Survey", 
        year="2020",
        month=6,
        volume="8",
        pages="126927-126950",
        doi="10.1109/ACCESS.2020.3006078",
        issn="2169-3536",
        howpublished = "online",
        cited = "2024-05-04",
        url="https://ieeexplore.ieee.org/abstract/document/9129732",
    }

    @webpage{bitcoin.network.protocol,
        author =       "{Bitcoin Project}",
        secondarytitle = "P2P Network",
        title =        "Bitcoin developer",
        howpublished = "online",
        url = "https://developer.bitcoin.org/reference/p2p_networking.html",
        path = "Bitcoin;Reference;P2P Network",
        cited = "2024-04-27"
    }

    @article{xrp.consensus.analysis,
        author = "Ignacio Amores-Sesar and Christian Cachin and Jovana Micic",
        title = "Security Analysis of Ripple Consensus",
        journal = "CoRR",
        publisher = "arXiv",
        volume = "abs/2011.14816",        
        year = "2020",
        month = 12,
        day = "30",
        url = "https://arxiv.org/abs/2011.14816",
        doi = "https://doi.org/10.48550/arXiv.2011.14816",
        howpublished = "online",
        cited = "2024-04-23",
    }

    @article{PRNG.Jack,
        author = "Marcin M. Jacak and Piotr Jóźwiak and Jakub Niemczuk and Janusz E. Jacak",
        title = "Quantum generators of random numbers",
        journal = "Scientific Reports",
        publisher = "Springer Nature",
        year = "2021",
        month = 8,
        day = "09",
        volume = "11",
        number = "16108",
        issn = "2045-2322",
        howpublished = "online",
        cited = "2024-04-13",
        url = "https://www.nature.com/articles/s41598-021-95388-7",
        doi = "https://doi.org/10.1038/s41598-021-95388-7"
    }

    @inproceedings{hybrid.asym.encryption,
        author="Qixin Zhang",
        booktitle="2021 2nd International Conference on Computing and Data Science (CDS)", 
        title="An Overview and Analysis of Hybrid Encryption: The Combination of Symmetric Encryption and Asymmetric Encryption", 
        year="2021",
        month=1,
        volume={},
        number={},
        pages="616-622",
        address="Stanford, CA, USA",
        publisher="IEEE",
        isbn="978-1-6654-0428-0",
        howpublished = "online",
        cited = "2024-02-04",
        url="https://ieeexplore.ieee.org/abstract/document/9463286",
        doi="10.1109/CDS52072.2021.00111",
    }

    @article{PQ.consensus.sol,
        author="Jorão Gomes and Sajjad Khan and Davor Svetinovic",
        journal="IEEE Access", 
        title="Fortifying the Blockchain: A Systematic Review and Classification of Post-Quantum Consensus Solutions for Enhanced Security and Resilience", 
        year="2023",
        month=7,
        volume="11",
        number={},
        pages="74088--74100",
        doi="10.1109/ACCESS.2023.3296559",
        issn="2169-3536",
        publisher="IEEE",
        howpublished = "online",
        cited = "2024-02-04",
        url = "https://ieeexplore.ieee.org/abstract/document/10185538",
    }

    @article{QR.blockchain.networks,
        author = "Marcos Allende and Diego López León and Sergio Cerón and Adrián Pareja and Erick Pacheco and Antonio Leal and Marcelo Da Silva and Alejandro Pardo and Duncan Jones and David J. Worrall and Ben Merriman and Jonathan Gilmore and Nick Kitchener",
        title = "Quantum-resistance in blockchain networks",
        journal = "Scientific Reports",
        publisher = "Springer Nature",
        day = "06",
        month = 4,
        year = "2023",
        volume = 13,
        pages = 23,
        number = "5664 (2023)",
        howpublished = "online",
        cited = "2024-01-15",
        url = "https://rdcu.be/dvY0m",
        doi = "10.1038/s41598-023-32701-6",
    }

    @inproceedings{PQClean.article,
        author    = "Matthias J. Kannwischer and
                   Peter Schwabe and
                   Douglas Stebila and
                   Thom Wiggers",
        title     = "Improving Software Quality in Cryptography Standardization Projects",
        booktitle = "IEEE European Symposium on Security and Privacy, EuroS{\&}P 2022 - Workshops, Genoa, Italy, June 6-10, 2022",
        pages     = "19--30",
        publisher = "IEEE Computer Society",
        address   = "Los Alamitos, CA, USA",
        year      = "2022",
        url       = "https://eprint.iacr.org/2022/337",
        doi       = "10.1109/EuroSPW55150.2022.00010",
        howpublished = "online",
        cited = "2024-01-15",
    }

    @Website{PQClean.git,
        author = "Matthias J. Kannwischer and
                   Peter Schwabe and
                   Douglas Stebila and
                   Thom Wiggers",
        title = "PQClean library",
        howpublished = "online",
        year = "2022",
        revised = "2024-01-04",
        cited = "2024-01-15",
        url = "https://github.com/PQClean/PQClean",
    }

    @Website{Crypto++.lib.web,
        author = "Wei Dai",
        title = "C++ library Crypto++",
        howpublished = "online",
        year = "2015",
        revised = "2023-06",
        cited = "2024-01-15",
        url = "https://cryptopp.com/",
    }

    @Website{DID.w3c.standard,
        author = "{World Wide Web Consortium W3C}",
        title = "Decentralized Identifiers (DIDs) v1.0",
        howpublished = "online",
        year = "2022",
        revised = "2022-07-19",
        cited = "2024-01-15",
        url = "https://www.w3.org/TR/did-core/",
    }

    @Website{KEMTLS.web,
        author = "Douglas Stebila and Peter Schwabe and Thom Wiggers",
        title = "KEMTLS",
        howpublished = "online",
        year = "2022",
        cited = "2024-01-15",
        url = "https://kemtls.org/",
    }

    @Website{xrp.consensus.mechanism,
        author = "{Ripple Labs Inc.}",
        title = "Ripple generic consensus algorithm",
        howpublished = "online",
        year = "2012",
        revised = "2023-11",
        cited = "2024-01-15",
        url = "https://github.com/XRPLF/rippled/tree/develop/src/ripple/consensus",
    }

    @Website{libp2p.web,
        author = "{Protocol Labs}",
        title = "libp2p",
        howpublished = "online",
        year = "2016",
        revised = "2023-08-23",
        cited = "2024-01-15",
        url = "https://libp2p.io/",
    }

    @article{PQ.consensus.solutions,
      author="Jorão Gomes and Sajjad Khan and Davor Svetinovic",
      journal="IEEE Access", 
      title="Fortifying the Blockchain: A Systematic Review and Classification of Post-Quantum Consensus Solutions for Enhanced Security and Resilience", 
      year="2023",
      day = "18",
      month = 7,
      volume="11",
      pages="74088-74100",
      doi="10.1109/ACCESS.2023.3296559",
      ISSN = "2169-3536",
      cited = "2023-12-27",
      howpublished = "online",
      url = "https://ieeexplore.ieee.org/abstract/document/10185538",
      
    }

    @Webpage{kem.signature.performance,
        author = "{The Open Quantum Safe Project}",
        secondarytitle = "OQS algorithm performance visualizations",
        title = "Open Quantum Safe",
        howpublished = "online",
        year = "2017",
        revised = "2023-12-19",
        cited = "2023-12-21",
        url = "https://openquantumsafe.org/benchmarking/",
    }

    @Manual{signature.man.SPHINCS,
        author = "{Information Technology Laboratory}",
        title = "Stateless Hash-Based Digital Signature Standard ",
        howpublished = "online",
        address = "Gaithersburg, MD 20899-8900",
        institution = "National Institute of Standards and Technology",
        year = "2023",
        month = 8,
        day = "24",
        cited = "2023-12-21",
        doi = "10.6028/NIST.FIPS.205.ipd",
        url = "https://nvlpubs.nist.gov/nistpubs/FIPS/NIST.FIPS.205.ipd.pdf",
    }

    @Website{signature.SPHINCS,
        author = "Peter Schwabe",
        secondarytitle = "Stateless hash-based signatures",
        title = "SPHINCS$^+$",
        howpublished = "online",
        year = "2017",
        revised = "2023-08-02",
        cited = "2023-12-21",
        url = "https://sphincs.org/",
        note = "Official SPHINCS$^+$ website"
    }

    @Website{signature.falcon,
        author = "Pierre-Alain Fouque and Jeffrey Hoffstein and Paul Kirchner and Vadim Lyubashevsky and Thomas Pornin and Thomas Prest and Thomas Ricosset and Gregor Seiler and William Whyte and Zhenfei Zhang",
        title = "Falcon",
        year = "2017",
        month = 11,
        howpublished = "online",
        cited = "2023-12-21",
        url = "https://falcon-sign.info/",
        note = "Official Falcon website"
    }

    @InProceedings{fiat.shamir,
        author="Vadim Lyubashevsky",
        editor="Mitsuru Matsui",
        title="Fiat-Shamir with Aborts: Applications to Lattice and Factoring-Based Signatures",
        booktitle="Advances in Cryptology -- ASIACRYPT 2009",
        year="2009",
        publisher="Springer Berlin Heidelberg",
        address="Berlin, Heidelberg",
        pages="598--616",
        doi = "10.1007/978-3-642-10366-7\_35",
        isbn="978-3-642-10366-7",
        cited = "2023-12-21",
        howpublished = "online",
        url = "https://link.springer.com/chapter/10.1007/978-3-642-10366-7_35",
    }

    @Manual{signature.man.dilithium,
        author = "{Information Technology Laboratory}",
        title = "Module-Lattice-Based Digital Signature Standard",
        howpublished = "online",
        address = "Gaithersburg, MD 20899-8900",
        institution = "National Institute of Standards and Technology",
        year = "2023",
        month = 8,
        day = "24",
        cited = "2023-12-21",
        doi = "10.6028/NIST.FIPS.204.ipd",
        url = "https://nvlpubs.nist.gov/nistpubs/FIPS/NIST.FIPS.204.ipd.pdf",
    }

    @Webpage{signature.dilithium,
        author = "Peter Schwabe",
        secondarytitle = "Dilithium",
        title = "CRYSTALS-Cryptographic Suite for Algebraic Lattices",
        howpublished = "online",
        year = "2017",
        revised = "2021-02-16",
        cited = "2023-12-21",
        url = "https://pq-crystals.org/dilithium/index.shtml",
        note = "Official Dilithium website"
    }

    @Website{kem.HQC,
        author = "Carlos Aguilar Melchor and Nicolas Aragon and Slim Bettaieb and Loïc Bidoux and Olivier Blazy and Jurjen Bos and Jean-Christophe Deneuville and Arnaud Dion and Philippe Gaborit and Jérôme Lacan and Edoardo Persichetti and Jean-Marc Robert and Pascal Véron and Gilles Zémor",
        title = "HQC (Hamming Quasi-Cyclic)",
        howpublished = "online",
        cited = "2023-12-21",
        url = "https://pqc-hqc.org/",
        note = "Official HQC website"
    }

    @Website{kem.McEliece,
        author = "Martin R. Albrecht and Daniel J. Bernstein and Tung Chou and Carlos Cid and Jan Gilcher and Tanja Lange",
        title = "Classic McEliece",
        howpublished = "online",
        revised = "2023-03-04",
        cited = "2023-12-21",
        url = "https://classic.mceliece.org",
        note = "Official McEliece website"
    }

    @Manual{kem.man.McEliece,
        author = "Martin R. Albrecht and Daniel J. Bernstein and Tung Chou and Carlos Cid and Jan Gilcher and Tanja Lange",
        title = "Classic McEliece-potential draft ISO standard",
        howpublished = "online",
        year = "2023",
        month = 4,
        day = "19",
        cited = "2023-12-21",
        url = "https://classic.mceliece.org/iso-mceliece-20230419.pdf",
    }

    @Manual{kem.man.kyber,
        author = "{Information Technology Laboratory}",
        title = "Module-Lattice-based Key-Encapsulation Mechanism Standard",
        howpublished = "online",
        address = "Gaithersburg, MD 20899-8900",
        institution = "National Institute of Standards and Technology",
        year = "2023",
        month = 8,
        day = "24",
        cited = "2023-12-21",
        doi = "10.6028/NIST.FIPS.203.ipd",
        url = "https://nvlpubs.nist.gov/nistpubs/FIPS/NIST.FIPS.203.ipd.pdf",
    }

    @Webpage{kem.Kyber,
        author = "Peter Schwabe",
        secondarytitle = "Kyber",
        title = "CRYSTALS-Cryptographic Suite for Algebraic Lattices",
        howpublished = "online",
        year = "2017",
        revised = "2020-12-23",
        cited = "2023-12-21",
        url = "https://pq-crystals.org/kyber/index.shtml",
        note = "Official Kyber website"
    }

    @article{lwe.article,
        author = "Oded Regev",
        title = "On Lattices, Learning with Errors, Random Linear Codes, and Cryptography",
        year = "2009",
        month = 9,
        publisher = "Association for Computing Machinery",
        address = "New York, NY, USA",
        volume = "56",
        number = "6",
        issn = "0004-5411",
        url = "https://doi.org/10.1145/1568318.1568324",
        doi = "10.1145/1568318.1568324",
        journal = "J. ACM",
        articleno = "34",
        pages = "40",
        howpublished = "online",
        cited = "2023-12-21",
    }

    @article{XRP.analysis,
        author = "Brad Chase and Ethan MacBrough",
        title = "Analysis of the XRP Ledger Consensus Protocol",
        subtitle = "Ripple Research",
        journal = "arXiv preprint arXiv:1802.07242",
        publisher = "arXiv",
        year = 2018,
        month = 2,
        day = 21,
        howpublished = "online",
        cited = "2023-12-21",
        doi = "10.48550/arXiv.1802.07242",
        url = "https://arxiv.org/abs/1802.07242v1",
    }

    @Webpage{XRP.consensus,
        author = "Dave Cohen and David Schwartz and Arthur Britto",
        secondarytitle = "Consensus Structure",
        title = "XRP Ledger",
        howpublished = "online",
        day = "17",
        month = "05",
        year = "2019",
        revised = "2023-12-05",
        cited = "2023-12-21",
        url = "https://xrpl.org/docs/concepts/consensus-protocol/",
    }


    @Article{pqb.analysis.math11183947,
        AUTHOR = "P. Thanalakshmi and A. Rishikhesh and Joel Marion Marceline and Gyanendra Prasad Joshi and Woong Cho",
        TITLE = "A Quantum-Resistant Blockchain System: A Comparative Analysis",
        JOURNAL = "Mathematics",
        VOLUME = "11",
        YEAR = "2023",
        month=9,
        NUMBER = "18",
        ARTICLE-NUMBER = "3947",
        publisher="MDPI",
        URL = "https://www.mdpi.com/2227-7390/11/18/3947",
        ISSN = "2227-7390",
        DOI = "10.3390/math11183947",
        howpublished = "online",
        cited = "2023-11-17"
    }


    @Website{NIST.web.SHBS,
        author="{National Institute of Standards and Technology (NIST)}",
        title="Stateful Hash-Based Signatures",
        organization="NIST",
        month = 12,
        year = "2018",
        revised="2023-01-27",
        url="https://csrc.nist.gov/Projects/stateful-hash-based-signatures",
        howpublished = "online",
        cited = "2023-11-17"
    }

    @article{pq.BFKE,
        author="Mohammad Reza Nosouhi and Syed Wajid Ali Shah and Lei Pan and Robin Doss",
        journal="IEEE Access", 
        title="Bit Flipping Key Encapsulation for the Post-Quantum Era", 
        year="2023",
        month=6,
        volume="11",
        number="23279405",
	version="version 9.0",
        revised="2023-05-04",
        pages="56181-56195",
        address="Waurn Ponds, Australia",
        publisher="IEEE",
        issn="2169-3536",
        doi="10.1109/ACCESS.2023.3282928",
        url="https://ieeexplore.ieee.org/abstract/document/10143624",
        howpublished = "online",
        cited = "2023-11-16"
    }

    @TechReport{NSA.report,
        author = "{National Security Agency (NSA)}",
        title = "Announcing the Commercial National Security
        Algorithm Suite 2.0",
        address = "Fort Meade, MD",
        organization="NSA",
        version = "1.0",
        month = 9,
        year = "2022",
        revised = "2022-09",
        url = "https://media.defense.gov/2022/Sep/07/2003071834/-1/-1/0/CSA_CNSA_2.0_ALGORITHMS_.PDF",
        howpublished = "online",
        cited = "2023-11-15"
    }

    @TechReport{NSA.QaA,
        author = "{National Security Agency (NSA)}",
        title = "The Commercial National Security Algorithm Suite
        2.0 and Quantum Computing FAQ",
        address = "Fort Meade, MD",
        organization="NSA",
        version = "1.0",
        month = 9,
        year = "2022",
        revised = "2022-09",
        url = "https://media.defense.gov/2022/Sep/07/2003071836/-1/-1/0/CSI_CNSA_2.0_FAQ_.PDF",
        howpublished = "online",
        cited = "2023-11-15"
    }

    @TechReport{NIST.round3.report,
        author = "Gorjan Alagic and Daniel Apon and David Cooper and Quynh Dang and Thinh Dang and John Kelsey and Jacob Lichtinger and Carl Miller and Dustin Moody and Rene Peralta and Ray Perlner and Angela Robinson and Daniel Smith-Tone",
        title = "Status report on the third round of the NIST post-quantum cryptography standardization process",
        address = "US Department of Commerce",
        organization="NIST",
        month = 7,
        year = "2022",
        doi="10.6028/NIST.IR.8413",
        url = "https://nvlpubs.nist.gov/nistpubs/ir/2022/NIST.IR.8413-upd1.pdf",
        howpublished = "online",
        cited = "2023-11-15"
    }

    @article{pq.blockchain.survey.10288193,
        author="Zebo Yang and Haneen Alfauri and Behrooz Farkiani and Raj Jain and Roberto Di Pietro and Aiman Erbad",
        journal="IEEE Communications Surveys \& Tutorials", 
        title="A Survey and Comparison of Post-Quantum and Quantum Blockchains",
        publisher="IEEE",
        year="2023",
        month=10,
        pages="1-1",
        doi="10.1109/COMST.2023.3325761",
        issn="1553-877X",
        url="https://ieeexplore.ieee.org/abstract/document/10288193",
        howpublished = "online",
        cited = "2023-11-13"
    }

    @article{pqc.towards.bc.8967098,
        author="Tiago M. Fernández-Caramès and Paula Fraga-Lamas",
        journal="IEEE Access", 
        title="Towards Post-Quantum Blockchain: A Review on Blockchain Cryptography Resistant to Quantum Computing Attacks", 
        year="2020",
        month = 12,
        revised = "2022-01-23",
        volume="8",
        publisher = "IEEE",
        number={},
        issn = "2169-3536",
        pages="21091-21116",
        doi="10.1109/ACCESS.2020.2968985",
        url="https://ieeexplore.ieee.org/abstract/document/8967098",
        howpublished = "online",
        cited = "2023-11-13"
    }

    @InProceedings{grover.alg,
        author= "Lov K. Grover",
        booktitle= "Proceedings of the twenty-eighth annual ACM symposium on Theory of computing - STOC '96", 
        title= "A fast quantum mechanical algorithm for database search", 
        year= "1996",
        month = 7,
        volume={},
        number={},
        pages= "212–219",
        address = "Philadelphia, Pennsylvania, USA: Association for Computing Machinery",
        doi= "10.1145/237814.237866",
        isbn = "978-0-89791-785-8",
        eprint = "arXiv:quant-ph/9605043",
        URL = "https://arxiv.org/abs/quant-ph/9605043",
        howpublished = "online",
        cited = "2023-11-13"
    }

    @InProceedings{shore.alg,
        author= "Peter Williston Shor",
        booktitle= "Proceedings 35th Annual Symposium on Foundations of Computer Science", 
        title= "Algorithms for quantum computation: Discrete logarithms and factoring", 
        year= "1994",
        month = 8,
        volume={},
        number={},
        pages= "124–134",
        address = "Santa Fe, NM, USA",
        doi= "10.1109/SFCS.1994.365700",
        isbn = "0-8186-6580-7",
        publisher = "IEEE Comput. Soc. Press",
        URL = "https://ieeexplore.ieee.org/abstract/document/365700",
        howpublished = "online",
        cited = "2023-11-13"
    }

    @TechReport{NUKIB.min.attachment,
        author = "{Národní úřad pro kybernetickou a informační bezpečnost (NÚKIB)}",
        title = "Příloha k dokumentu: Minimální požadavky na kryptografické
        algoritmy",
        address = "Brno",
        organization = "NÚKIB",
        month = 7,
        year = "2023",
        version = "1.0",
        url = "https://www.nukib.cz/download/uredni_deska/Priloha%20-%20Minimalni%20pozadavky%20na%20kryptograficke%20algoritmy.pdf",
        howpublished = "online",
        cited = "2023-11-15"
    }

    @TechReport{NUKIB.min,
        author = "{Národní úřad pro kybernetickou a informační bezpečnost (NÚKIB)}",
        title = "Příloha k dokumentu: Minimální požadavky na kryptografické
        algoritmy",
        address = "Brno",
        organization = "NÚKIB",
        month = 7,
        year = "2023",
        version = "3.0",
        url = "https://www.nukib.cz/download/uredni_deska/Minimalni%20pozadavky%20na%20kryptograficke%20algoritmy.pdf",
        howpublished = "online",
        cited = "2023-11-15" 
    }

    @TechReport{NUKIB.report,
        author = "{Národní úřad pro kybernetickou a informační bezpečnost (NÚKIB)}",
        title = "Útoky s využitím kvantového počítače mohou prolomit současné šifrování: řešením je včasná a efektivní implementace nových standardů",
        edition = "5151/2023-NÚKIB-E/630",
        organization = "NÚKIB",
        address = "Brno",
        month = 7,
        year = "2023",
        url = "https://www.nukib.cz/download/publikace/podpurne_materialy/Utoky%20s%20vyuzitim%20kvantoveho%20pocitace%20mohou%20prolomit%20sousasne%20sifrovani%20resenim%20je%20vcasna%20a%20efektivni%20implementace%20novych%20standardu.pdf",
        howpublished = "online",
        cited = "2023-11-13"
    }

    @InProceedings{pqc.review.10048976,
        author= "Ritik Bavdekar and Eashan Jayant Chopde and Ankit Agrawal and Ashutosh Bhatia and Kamlesh Tiwari",
        booktitle= "2023 International Conference on Information Networking (ICOIN)", 
        title= "Post Quantum Cryptography: A Review of Techniques, Challenges and Standardizations", 
        year= "2023",
        month = 2,
        pages= "146-151",
        address = "Bangkok, Thailand, 2023",
        doi= "10.1109/ICOIN56518.2023.10048976",
        isbn = "978-1-6654-6268-6",
        publisher = "IEEE Comput. Soc. Press",
        URL = "https://ieeexplore.ieee.org/abstract/document/10048976",
        howpublished = "online",
        cited = "2023-11-13"
    }

    @article{pqc.survey.7030040,
        author = "Duc-Thuan Dam and Thai-Ha Tran and Van-Phuc Hoang and Cong-Kha Pham and Trong-Thuc Hoang",
        title = "A Survey of Post-Quantum Cryptography: Start of a New Race",
        journal = "Cryptography",
        editor = "Josef Pieprzyk",
        address = "Basel, Switzerland",
        volume = "7",
        number = "40",
        year = "2023",
        month = 8,
        revised = "2023-07-05",
        url = "https://www.mdpi.com/2410-387X/7/3/40",
        issn = "2410-387X",
        doi = "10.3390/cryptography7030040",
        howpublished = "online",
        cited = "2023-11-13"
    }

    @article{merkle.tree.patent,
        author = "Ralph C. Merkle ",
        title = "Digital signature system and method based on a conventional encryption function",
        year = "1989",
        month = 11,
        note = "U.S. Patent 4 881 264",
        cited = "2023-11-05"
    }

    @article{bc.technology.overview,
        author       = "Dylan Yaga and Peter Mell and Nik Roby and Karen Scarfone",
        title        = "Blockchain Technology Overview",
        journal      = "CoRR",
        volume       = "abs/1906.11078",
        year         = "2019",
        url          = "http://arxiv.org/abs/1906.11078",
        eprinttype    = "arXiv",
        eprint       = "1906.11078",
        biburl       = "https://dblp.org/rec/journals/corr/abs-1906-11078.bib",
        bibsource    = "dblp computer science bibliography, https://dblp.org",
        howpublished = "online",
        cited = "2023-11-05"
    }

    @MISC{nakamoto2009bitcoin,
        author = "Satoshi Nakamoto",
        title = "Bitcoin: A Peer-to-Peer Electronic Cash System",
        url = "http://www.bitcoin.org/bitcoin.pdf",
        year = "2008",
        month=10,
        howpublished = "online",
        cited = "2023-11-04"
    }

    @article{WIRE.datastrucutre.of.blockchain,
        author = "Cuneyt Gurcan Akcora and Yulia R. Gel and Murat Kantarcioglu",
        title = "Blockchain networks: Data structures of Bitcoin, Monero, Zcash, Ethereum, Ripple, and Iota",
        journal = "WIREs Data Mining and Knowledge Discovery",
        volume = "12",
        number = "1",
        pages = "e1436",
        keywords = "Bitcoin and Litecoin, blockchain, Ethereum, Iota, Monero, Ripple, Zcash",
        doi = "https://doi.org/10.1002/widm.1436",
        url = "https://wires.onlinelibrary.wiley.com/doi/abs/10.1002/widm.1436",
        year = "2022",
        howpublished = "online",
        cited = "2023-11-04"
    }

    @article{vademecun.blockchain,
        author = "Marianna Belotti and Nikola Božić and Guy Pujolle and Stefano Secci",
        title = "A Vademecum on Blockchain Technologies: When, Which, and How",
        journal = "IEEE Communications Surveys \& Tutorials",
        volume = "21",
        number = "4",
        pages = "3796-3838",
        doi = "10.1109/COMST.2019.2928178",
        year = "2019",
        cited = "2023-11-04"
    }

    @article{comprehensive.survey.blockchain,
        author = "Arun Sekar Rajasekaran and Maria Azees and Fadi Al-Turjman",
        title = "A comprehensive survey on blockchain technology",
        volume = "52",
        pages = "102039",
        ISSN = "2213-1388",
        doi = "https://doi.org/10.1016/j.seta.2022.102039",
        url = "https://www.sciencedirect.com/science/article/pii/S2213138822000911",
        journal = "Sustainable Energy Technologies and Assessments",
        year = "2022",
        howpublished = "online",
        cited = "2023-11-04"
    }

    @BOOK{Knuth,
      author =       "Donald E. Knuth",
      title =        "The {\TeX}book",
      publisher =    "Addison-Wesley Publishing Company",
      year =         "1996",
      isbn =         "0-201-13447-0",
    }
    
    @BOOK{Rybicka,
      author =       "Jiří Rybička",
      title =        "\LaTeX~pro začátečníky",
      publisher =    "Konvoj",
      edition =      "3",
      year =         "2003",
      isbn =         "80-7302-049-1",
    }

    @BOOK{Olsak,
      author =       "Petr Olšák",
      title =        "{\TeX}book naruby",
      publisher =    "Konvoj",
      year =         "2001",
      isbn =         "80-7302-0007-6",
    }

    @BOOK{Eikh,
      author =       "Victor Eikhout",
      title =        "{\TeX}by Topics, a {\TeX}nitian's Reference",
      publisher =    "Addison-Wesley UK",
      year =         "2001",
      isbn =         "0-201-56882-9",
    }

    @website{cstugWeb,
      author =       "Petr Sojka and others",
      title =        "Československé sdružení uživatelů {\TeX}u",
      howpublished = "online",
      url =          "http://www.cstug.cz",
      cited =        "2019-10-02"
    }

    @webpage{fitWeb,
      author =       "Zdena Rábová and Petr Hanáček and Petr Peringer and Petr Přikryl and Bohuslav Křena",
      title =        "Užitečné rady pro psaní práce",
      howpublished = "online",
      publisher =    "FIT VUT v~Brně",
      year =         "2008",
      month =        11,
      url =          "https://www.fit.vut.cz/study/theses/theses-advice/",
      cited =        "2019-10-02"
    }

    @webpage{citace,
      author =       "Zdena Rábová and Petr Hanáček and Petr Peringer and Petr Přikryl and Bohuslav Křena",
      title =        "Pravidla pro bibliografické citace",
      howpublished = "online",
      publisher =    "FIT VUT v Brně",
      year =         "2019",
      month =        3,
      url =          "https://www.fit.vut.cz/study/theses/citations/",
      cited =        "2019-10-02"
    }
   
    @MISC{biblio,
      author =       "Olga Biernátová and Jan Skůpa",
      title =        "Bibliografické odkazy a citace dokumentů",
      howpublished = "online",
      url =          "http://www.citace.com/download/CSN-ISO-690.pdf",
      publisher =    "Citace.com",
      month =        9,
      address =      "Brno",
      year =         "2011",
      cited =        "2019-10-02"
    }
   
    @webpage{formalniBP,
      author =       "Zdena Rábová and Petr Přikryl and Petr Peringer and Petr Lampa and Bohuslav Křena and jaroslav Dytrych and Petr Veigend",
      title =        "Pokyny k~bakalářským pracím a SZZ",
      howpublished = "online",
      year =         "2019",
      url =          "https://www.fit.vut.cz/study/theses/bachelor-theses/",
      cited =        "2019-10-02"
    }
   
    @webpage{formalniDP,
      author =       "Zdena Rábová and Petr Přikryl and Petr Peringer and Petr Lampa and Bohuslav Křena and jaroslav Dytrych and Petr Veigend",
      title =        "Pokyny k~diplomovým pracím a SZZ",
      howpublished = "online",
      year =         "2019",
      url =          "https://www.fit.vut.cz/study/theses/master-theses/",
      cited =        "2019-10-02"
    }
   
    @MISC{smernice,
      key =          "Szz",
      author =       "Petr Štěpánek",
      title =        "Směrnice rektora č. 72/2017 -- Úprava, odevzdávání a zveřejňování závěrečných prací",
      howpublished = "online",
      year =         "2017",
      url =          "https://www.vutbr.cz/uredni-deska/vnitrni-predpisy-a-dokumenty/smernice-c-72-2017-uprava-odevzdavani-a-zverejnovani-zaverecnych-praci-d161410",
      cited =        "2019-10-02"
    }
   
   @MISC{smerniceFIT,
      author =       "Pavel Zemčík",
      title =        "Směrnice děkana č. 7/2018 -- Úprava, odevzdávání a zveřejňování závěrečných prací na FIT VUT v Brně",
      howpublished = "online",
      year =         "2018",
      url =          "https://www.fit.vut.cz/fit/info/smernice/sm2018-07.pdf",
      cited =        "2019-10-02"
    }
   
    @website{prirucka,
      key =          "Cerna",
      author =       "Anna Černá and Jan Chromý and Hana Konečná and others",
      title =        "Internetová jazyková příručka -- Ústav pro jazyk český Akademie věd ČR, v. v. i.",
      howpublished = "online",
      publisher =    "Centrum zpracování přirozeného jazyka FI MU",
      year =         "2019",
      url =          "http://prirucka.ujc.cas.cz/",
      cited =        "2019-10-02"
    }
   
    @website{Herout,
      author =       "Adam Herout",
      title =        {herout.net -- Poznámky učitele, kouče, čtenáře.},
      howpublished = "online",
      year =         "2018",
      url =          "http://www.herout.net/",
      cited =        "2019-10-02"
    }
   
    @webpage{chyby,
      key =          "Szoke",
      author =       "Igor Szöke",
      title =        "Textová část BP/DP -- Lessons learned",
      howpublished = "online",
      year =         "2012",
      url =          "http://blog.igor.szoke.cz/2012/01/textova-cast-bpdp-lessons-learned-1.html",
      cited =        "2019-10-02"
    }
   
    @webpage{rady,
      key =          "Szoke",
      author =       "Igor Szöke",
      title =        "Píšete diplomku? 15+1 rad, které vám pomohou.",
      howpublished = "online",
      year =         "2011",
      url =          "http://blog.igor.szoke.cz/2011/12/pisete-diplomku-151-rad-ktere-vam.html",
      cited =        "2019-10-02"
    }
   
    @webpage{Beran,
      author =       "Vítězslav Beran",
      title =        "Beran-BP DP Projekty",
      howpublished = "online",
      year =         "2017",
      url =          "http://merlin.fit.vutbr.cz/wiki/index.php/Beran-BP_DP_Projekty",
      cited =        "2019-10-02"
    }

    @MISC{BeranPDF,
      author =       "Vítězslav Beran",
      title =        "Jak psát technickou zprávu",
      howpublished = "online",
      year =         "2013",
      url =          "http://www.fit.vutbr.cz/~beranv/podpora/Jak\%20psat\%20technickou\%20zpravu.pdf",
      cited =        "2019-10-00"
    }
   
    @webpage{Cernocky,
      key =          "Cernocky",
      author =       "Jan Černocký",
      title =        "Černocký BP DP -- obecně",
      howpublished = "online",
      year =         "2016",
      url =          "https://merlin.fit.vutbr.cz/wiki/index.php/Cernocky_BP_DP-obecne",
      publisher = "Wiki FIT VUT v Brně",
      cited =        "2019-10-02"
    }
   
    @webpage{CernockyEnglish,
      key =          "Cernocky",
      author =       "Jan Černocký",
      title =        "English SOS",
      howpublished = "online",
      year =         "2016",
      url =          "https://merlin.fit.vutbr.cz/wiki/index.php/English_SOS",
      cited =        "2019-10-02"
    }
   
    @MISC{Zemcik,
      author =       "Pavel Zemčík",
      title =        "Všeobecné pokyny pro studenty a vůbec",
      howpublished = "online",
      year =         "2012",
      url =          "http://www.fit.vutbr.cz/~zemcik/Pokyny.pdf",
      cited =        "2019-10-02"
    }
   
    @BOOK{Lebrun2011,
      author =       "Jean-Luc Lebrun",
      title =        "Scientific Writing 2.0: a reader and writer's guide",
      publisher =    "World Scientific Publishing",
      year =         "2011",
      edition =      "1",
      isbn =         "9814350605",
      owner =        "herout",
      timestamp =    "2015.01.20"
    }
  
    @MASTERSTHESIS{Pysny,
      author = {Radek Py{\v{s}}n{\'{y}}},
      type = {Bakal{\'{a}}{\v{r}}sk{\'{a}} pr{\'{a}}ce},
      title = {BiBTeX styl pro {\v{C}}SN ISO 690 a {\v{C}}SN ISO	690-2},
      school = {Vysok{\'{e}} u{\v{c}}en{\'{i}} technick{\'{e}} v Brn{\v{e}}, Fakulta informa{\v{c}}n{\'{i}}ch technologi{\'{i}}},
      year = {2009},
      location = {Brno, CZ},
      language = {czech},
      url = {https://www.fit.vut.cz/study/thesis/7848/}
    }
